<?xml version="1.0" encoding="UTF-8"?><marc:record xmlns:marc="http://www.loc.gov/MARC21/slim" xmlns:xsi="http://www.w3.org/2001/XMLSchema-instance" xsi:schemaLocation="http://www.loc.gov/MARC21/slim http://www.loc.gov/standards/marcxml/schema/MARC21slim.xsd"><marc:leader>00620nrm a22     7a 4500</marc:leader><marc:controlfield tag="001">1465073</marc:controlfield><marc:controlfield tag="003">NL-AMISG</marc:controlfield><marc:controlfield tag="005">20130204085814.0</marc:controlfield><marc:controlfield tag="008">130204s1970    it.                 ita. d</marc:controlfield><marc:datafield ind1=" " ind2=" " tag="040"><marc:subfield code="a">NL-AMISG</marc:subfield></marc:datafield><marc:datafield ind1="1" ind2="0" tag="245"><marc:subfield code="k">Object.</marc:subfield></marc:datafield><marc:datafield ind1=" " ind2=" " tag="500"><marc:subfield code="a">Penning in doosje. Penning uitgereikt aan Sicco Mansholt op 9 mei 1970 door de "Accademia Nazionale di Agricoltura Bologna". Op voorzijde een portret van Pietro Crescenzio.</marc:subfield></marc:datafield><marc:datafield ind1=" " ind2=" " tag="540"><marc:subfield code="a">Copyright unknown.</marc:subfield></marc:datafield><marc:datafield ind1=" " ind2=" " tag="542"><marc:subfield code="m">closed</marc:subfield></marc:datafield><marc:datafield ind1=" " ind2=" " tag="648"><marc:subfield code="a">1970-1970.</marc:subfield><marc:subfield code="0">(NL-AMISG)366237</marc:subfield></marc:datafield><marc:datafield ind1=" " ind2=" " tag="655"><marc:subfield code="a">Medal.</marc:subfield><marc:subfield code="0">(NL-AMISG)187838</marc:subfield></marc:datafield><marc:datafield ind1="1" ind2=" " tag="700"><marc:subfield code="a">Mansholt, Sicco Leendert,</marc:subfield><marc:subfield code="e">collector.</marc:subfield><marc:subfield code="0">(NL-AMISG)2000382</marc:subfield></marc:datafield><marc:datafield ind1="4" ind2=" " tag="852"><marc:subfield code="a">IISG</marc:subfield><marc:subfield code="b">IISG</marc:subfield><marc:subfield code="c">IISG</marc:subfield><marc:subfield code="j">BG K22/545</marc:subfield><marc:subfield code="n">Available</marc:subfield><marc:subfield code="p">30051003306039</marc:subfield></marc:datafield><marc:datafield ind1=" " ind2=" " tag="901"><marc:subfield code="a">1465073</marc:subfield><marc:subfield code="b"/><marc:subfield code="c">1465073</marc:subfield><marc:subfield code="t">biblio</marc:subfield></marc:datafield><marc:datafield ind1=" " ind2=" " tag="902"><marc:subfield code="a">10622/601CB29B-8FF0-484E-8CD0-92C1E9700BF4</marc:subfield></marc:datafield></marc:record>